% use `texdoc biblatex` to get help
% @www{zjuthesisrules,
%     title = {浙江大学本科生毕业论文（设计）编写规则},
%     author = {浙江大学本科生院},
%     year = {2018},
%     url = {http://bksy.zju.edu.cn/attachments/2018-01/01-1517384518-1149149.pdf},
% }
% @www{tikz,
%     title = {tikz宏包},
%     author = {Till Tantau},
%     year = {2018},
%     url = {https://sourceforge.net/projects/pgf/},
% }
% @www{zjuthesis,
%     title = {浙江大学毕业设计/论文模板},
%     author = {王子轩},
%     year = {2019},
%     url = {https://github.com/TheNetAdmin/zjuthesis},
% }
% @www{zjugradthesisrules,
%     title = {浙江大学研究生学位论文编写规则},
%     author = {浙江大学研究生院},
%     year = {2008},
%     url = {http://grs.zju.edu.cn/redir.php?catalog_id=10038&object_id=12877},
% }

//背景
@article{Placido2012,
author = {Plácido da Silva, Hugo and Lourenco, Andre and Fred, Ana},
year = {2012},
month = {02},
pages = {},
title = {In-vehicle driver recognition based on hand ECG signals},
journal = {International Conference on Intelligent User Interfaces, Proceedings IUI},
}

//理论基础-情绪模型-离散
@article{Darwin2015,
author = {Darwin, C.},
year = {1993},
month = {01},
pages = {364-393},
title = {The expression of the emotions in man and animals},
journal = {The portable Darwin}
}

@inbook{Tomkins1970,
author = {Tomkins, Silvan},
year = {1970},
month = {12},
pages = {},
title = {Chapter 6. Affect as the Primary Motivational System*},
}

@article{Ekman1971,
author = {Ekman, Paul and Friesen, Wallace},
year = {1971},
month = {03},
pages = {124-9},
title = {Constants across cultures in the face and emotion},
volume = {17},
journal = {Journal of personality and social psychology},
}

@article{Ekman1992,
author = {Ekman, Paul},
year = {1992},
month = {08},
pages = {550-3},
title = {Are there basic emotions?},
volume = {99},
journal = {Psychological review},
}

@book{Izard1991,
author = {Izard, Carroll},
year = {1991},
month = {01},
pages = {},
title = {The Psychology of Emotions},
}

@article{Plutchik2001,
author = {Plutchik, Robert},
year = {2001},
month = {01},
pages = {344},
title = {The Nature of Emotions},
volume = {89},
journal = {American Scientist},
}

@article{Cacioppo2000,
author = {Larsen, J.T. and Berntson, Gary and Poehlmann, K.M. and Ito, T.A. and Cacioppo, John},
year = {2000},
month = {01},
pages = {180-195},
title = {The psychophysiology of emotion},
volume = {2},
journal = {Handbook of Emotions,}
}

//理论基础-情绪模型-维度
@article{article,
author = {Lang, Peter},
year = {1995},
month = {06},
pages = {372-85},
title = {The emotion probe: Studies of motivation and attention},
volume = {50},
journal = {The American psychologist},
}

@article{Wundt1896,
author = {Bradford, Edward and Titchener, and Max, Wilhelm and Wundt, and Edwin, James and Creighton,},
year = {2021},
month = {12},
pages = {},
title = {Lectures on human and animal psychology,}
}

@article{Schlosberg1954,
author = {Schlosberg, Harold},
year = {1954},
month = {04},
pages = {81-8},
title = {Three Dimensions of Emotion},
volume = {61},
journal = {Psychological review},
}

@book{Mehrabian1974,
title={An approach to environmental psychology},
author={ Mehrabian, A.  and  Russell, J. A. },
publisher={An approach to environmental psychology},
year={1974},
}

@article{Russell1980,
author = {Russell, James},
year = {1980},
month = {12},
pages = {1161-1178},
title = {A Circumplex Model of Affect},
volume = {39},
journal = {Journal of Personality and Social Psychology},
}

@article{James1884,
author = {William James},
title = {What is an emotion?},
journal = {Studies in Psychology},
volume = {6},
number = {21},
pages = {57-73},
year  = {1985},
publisher = {Routledge},
}

@article{Malatesta1987,
author = {Malatesta, Carol and Izard, Carol and Culver, Clayton and Nicolich, Mark},
year = {1987},
month = {07},
pages = {193-203},
title = {Emotion Communication Skills in Young, Middle-Aged, and Older Women},
volume = {2},
journal = {Psychology and aging},
}

@article{Kreibig2010,
author = {Kreibig, Sylvia},
year = {2010},
month = {04},
pages = {394-421},
title = {Autonomic Nervous System Activity in Emotion: A Review},
volume = {84},
journal = {Biological psychology},
}

//实验范式-情绪诱发方式
@inproceedings{Banos2006,
author = {Baños, Rosa and Liaño, Víctor and Botella, Cristina and Alcañiz Raya, Mariano and Guerrero, Belén and Rey, Beatriz},
year = {2006},
month = {05},
pages = {7-15},
title = {Changing Induced Moods Via Virtual Reality},
isbn = {978-3-540-34291-5},
}

@article{Baldaro2002,
author = {Baldaro, Bruno and Mazzetti, Michela and Codispoti, Maurizio and Tuozzi, Giovanni and Bolzani, Roberto and Trombini, Giancarlo},
year = {2002},
month = {01},
pages = {797-805},
title = {Autonomic Reactivity during Viewing of an Unpleasant Film},
volume = {93},
journal = {Perceptual and motor skills},
}

@article{Gomez2005,
author = {Gomez, Patrick and Zimmermann, Philippe and Guttormsen-Schär, Sissel and Danuser, Brigitta},
year = {2005},
month = {04},
pages = {223-35},
title = {Respiratory responses associated with affective processing of film stimuli},
volume = {68},
journal = {Biological psychology},
}

@article{XuJingbo1995,
author = {徐景波 and 孟昭兰 and 王丽华},
year = {1995},
month = {03},
pages = {134-139+143+192},
title = {正负性情绪的自主生理反应实验研究},
journal = {心理科学},
}

@article{LiJianping2006,
author = {李建平 and 张平 and 代景华 and 王丽芳 and 阎克乐},
year = {2006},
month = {01},
pages = {57-58},
title = {五种基本情绪心脏自主神经传出活动模式},
journal = {中国行为医学科学},
}

@article{JiaJing2008,
author = {贾静 and 刘昌},
year = {2008},
month = {10},
pages = {1187-1189},
title = {影片片段诱发情绪的生理活动研究},
journal = {中国健康心理学杂志},
}

@article{Gomez2004,
author = {Gomez, Patrick and Stahel, Werner and Danuser, Brigitta},
year = {2004},
month = {12},
pages = {359-73},
title = {Respiratory responses during affective picture viewing},
volume = {67},
journal = {Biological psychology},
}

@article{Bradley2008,
author = {Bradley, Margaret and Miccoli, Laura and Escrig, Miguel and Lang, Peter},
year = {2008},
month = {08},
pages = {602-7},
title = {The pupil as a measure of emotional arousal and autonomic activation},
volume = {45},
journal = {Psychophysiology},
}

@article{Laukka2013,
author = {Laukka, Seppo and Haapala, Mika and Lehtihalmes, Matti and Väyrynen, Eero and Seppänen, Tapio},
year = {2013},
month = {07},
pages = {18-23},
title = {Pupil Size Variation Related to Oral Report of Affective Pictures},
volume = {84},
journal = {Procedia - Social and Behavioral Sciences},
}

@article{BaiLu2005,
author = {白露 and 马慧 and 黄宇霞 and 罗跃嘉},
year = {2005},
month = {11},
pages = {4-7},
title = {中国情绪图片系统的编制——在46名中国大学生中的试用},
journal = {中国心理卫生杂志},
}

@article{Partala2003,
author = {Partala, Timo and Surakka, Veikko},
year = {2003},
month = {07},
pages = {185-198},
title = {Pupil size variation as an indication of affective processing},
volume = {59},
journal = {International Journal of Human-Computer Studies},
}

@article{Kallinen2004,
author = {Kallinen, Kari},
year = {2004},
month = {01},
pages = {},
title = {Emotion Related Psychophysiological Responses to Listening to Music with Eyes-open versus Eyes-closed: Electrodermal (EDA), Electrocardiac (ECG), and …}
}

@article{LiuXianmin2011,
author = {刘贤敏 and 刘昌},
year = {2011},
month = {05},
pages = {618-620},
title = {中国古典音乐诱发情绪的生理活动研究},
volume = {19},
journal = {中国健康心理学杂志},
}

@article{LiuTaosheng2006,
author = {刘涛生 and 罗跃嘉 and 马慧 and 黄宇霞},
year = {2006},
month = {02},
pages = {406-408},
title = {本土化情绪声音库的编制和评定},
journal = {心理科学},
}

@article{Brewer1980,
author = {Brewer, Deanna and Doughtie, Eugene},
year = {1980},
month = {02},
pages = {215-26},
title = {Induction of mood and mood shift},
volume = {36},
journal = {Journal of clinical psychology},
}

@article{Wright1982,
author = {Wright, Jack and Mischel, Walter},
year = {1982},
month = {11},
pages = {901-914},
title = {Influence of affect on cognitive social learning variables},
volume = {43},
journal = {Journal of Personality and Social Psychology},
}

@article{Sinha1992,
author = {Sinha, Rajita and Lovallo, William and Parsons, O.A.},
year = {1992},
month = {07},
pages = {422-35},
title = {Cardiovascular differentiation of emotions},
volume = {54},
journal = {Psychosomatic medicine},
}

@article{Neumann2001,
author = {Neumann, Serina and Waldstein, Shari},
year = {2001},
month = {05},
pages = {245-53},
title = {Similar patterns of cardiovascular response during emotional activation as a function of affective valence and arousal and gender},
volume = {50},
journal = {Journal of psychosomatic research},
}

@article{Egloff2002,
author = {Egloff, Boris and Wilhelm, Frank and Neubauer, Dana and Mauss, Iris and Gross, James},
year = {2002},
month = {04},
pages = {3-11},
title = {Implicit Anxiety Measure Predicts Cardiovascular Reactivity to an Evaluated Speaking Task},
volume = {2},
journal = {Emotion (Washington, D.C.)},
}

@article{Britton2006,
author = {Britton, Jennifer and Phan, K. Luan and Taylor, Stephan and Welsh, Robert and Berridge, Kent and Liberzon, Israel},
year = {2006},
month = {06},
pages = {397-409},
title = {Neural correlates of social and nonsocial emotions: An fMRI study},
volume = {31},
journal = {NeuroImage},
}

//实验范式-情绪评估方法
@article{AMIGOS2017,
author = {Miranda, Juan and Khomami Abadi, Mojtaba and Sebe, Nicu and Patras, Ioannis},
year = {2017},
month = {02},
pages = {},
title = {AMIGOS: A dataset for Mood, personality and affect research on Individuals and GrOupS},
volume = {PP},
journal = {IEEE Transactions on Affective Computing},
}

@article{Bradley1994,
author = {Bradley, Margaret and Lang, Peter},
year = {1994},
month = {04},
pages = {49-59},
title = {Measuring Emotion: The Self-Assessment Manikin and the Semantic Differential},
volume = {25},
journal = {Journal of behavior therapy and experimental psychiatry},
}

//分析方法-预处理
@article{Murugappan2013,
author = {M, Murugappan and Murugappan, Subbulakshmi and Bong, Siao Zheng},
year = {2013},
month = {07},
pages = {753-759},
title = {Frequency Band Analysis of Electrocardiogram (ECG) Signals for Human Emotional State Classification Using Discrete Wavelet Transform (DWT)},
volume = {25},
journal = {Journal of physical therapy science},
}

@article{Elgendi2012,
author = {Elgendi, Mohamed},
year = {2012},
month = {02},
pages = {14-25},
title = {On the Analysis of Fingertip Photoplethysmogram Signals},
volume = {8},
journal = {Current cardiology reviews},
}

@inproceedings{Wardana2017,
author = {Kemalasari, and Wardana, Paulus},
year = {2017},
month = {09},
pages = {229-233},
title = {Processing of respiration signals using FIR filter for analyze the condition of lung},
}

@article{Mandryk2007,
author = {Mandryk, Regan and Atkins, Margaret},
year = {2007},
month = {04},
pages = {329-347},
title = {A fuzzy physiological approach for continuously modeling emotion during interaction with play technologies},
volume = {65},
journal = {Int. J. Hum.-Comput. Stud.},
}

//分析方法-模型处理
@article{Valenza2012,
author = {Valenza, Gaetano and lanatà, Antonio and Scilingo, Enzo},
year = {2012},
month = {04},
pages = {1 - 1},
title = {The Role of Nonlinear Dynamics in Affective Valence and Arousal Recognition},
volume = {3},
journal = {Affective Computing, IEEE Transactions on},
}

@inproceedings{Khaliliardali2015,
author = {Khalili, Zahra and Moradi, Mohammad},
year = {2009},
month = {06},
pages = {1571-1575},
title = {Emotion recognition system using brain and peripheral signals: Using correlation dimension to improve the results of EEG},
journal = {Proceedings of the International Joint Conference on Neural Networks},
}

@inproceedings{LiCailong2018,
author = {Li, Cailong and Ye, Ning and Huang, Haiping and Wang, Ruchuan and Malekian, Reza},
year = {2018},
month = {03},
pages = {217-223},
title = {Emotion recognition of human physiological signals based on recursive quantitative analysis},
}

@inproceedings{Rubin2016,
author = {Rubin, Jonathan and Abreu, Rui and Ahern, Shane and Eldardiry, Hoda and Bobrow, Daniel},
year = {2016},
month = {01},
pages = {},
title = {Time, Frequency & Complexity Analysis for Recognizing Panic States from Physiologic Time-Series},
}

@inproceedings{Boonthong2015,
author = {Boonthong, Piyatragoon and Kulkasem, Pusit and Rasmequan, Suwanna and Rodtook, Annupan and Chinnasarn, Krisana},
year = {2015},
month = {11},
pages = {1-6},
title = {Fisher feature selection for emotion recognition},
}

@article{ZhangJianhai2015,
author = {Zhang, Jianhai and Chen, Ming and Zhao, Shaokai and Hu, Sanqing and Cao, Yu},
year = {2016},
month = {09},
pages = {1558},
title = {ReliefF-Based EEG Sensor Selection Methods for Emotion Recognition},
volume = {16},
journal = {Sensors},
}

@article{DEAP2011,
author = {Koelstra, Sander and Mühl, Christian and Soleymani, Mohammad and Lee, Jong-Seok and Yazdani, Ashkan and Ebrahimi, Touradj and Pun, Thierry and Nijholt, Anton and Patras, Ioannis},
year = {2011},
month = {12},
pages = {18-31},
title = {DEAP: A Database for Emotion Analysis Using Physiological Signals},
volume = {3},
journal = {IEEE Transactions on Affective Computing},
}

@inproceedings{YangYilong2018,
author = {Yang, Yilong and Wu, Qingfeng and Qiu, Ming and Yingdong, Wang and Chen, Xiaowei},
year = {2018},
month = {07},
pages = {1-7},
title = {Emotion Recognition from Multi-Channel EEG through Parallel Convolutional Recurrent Neural Network},
}

@ARTICLE{ChenJX2019,
author={Chen, J. X. and Zhang, P. W. and Mao, Z. J. and Huang, Y. F. and Jiang, D. M. and Zhang, Y. N.},
journal={IEEE Access}, 
title={Accurate EEG-Based Emotion Recognition on Combined Features Using Deep Convolutional Neural Networks}, 
year={2019},
volume={7},
number={},
pages={44317-44328},
}

//分析方法-分类识别
@inbook{HeCheng2017,
author = {He, Cheng and Yao, Yun-jin and Ye, Xue-song},
year = {2017},
month = {01},
pages = {15-25},
title = {An Emotion Recognition System Based on Physiological Signals Obtained by Wearable Sensors},
}

@article{Myroniv2017,
author = {Myroniv, Bohdan and Wu, Cheng-Wei and Ren, Yi and Christian, Albert and Bajo, Ensa and Tseng, Yu-chee},
year = {2017},
month = {12},
pages = {},
title = {Analyzing User Emotions via Physiology Signals},
volume = {2},
journal = {Data Science and Pattern Recognition}
}

@article{Adams2014,
author = {Adams, Phil and Rabbi, Mashfiqui and Rahman, Tauhidur and Matthews, Mark and Voida, Amy and Gay, Geri and Choudhury, Tanzeem and Voida, Stephen},
year = {2014},
month = {07},
pages = {72-79},
title = {Towards Personal Stress Informatics: Comparing Minimally Invasive Techniques for Measuring Daily Stress in the Wild},
journal = {Proceedings - PERVASIVEHEALTH 2014: 8th International Conference on Pervasive Computing Technologies for Healthcare},
}

@inproceedings{Birjandtalab2016,
author = {Birjandtalab, Javad and Cogan, Diana and baran pouyan, Maziyar and Nourani, Mehrdad},
year = {2016},
month = {10},
pages = {110-114},
title = {A Non-EEG Biosignals Dataset for Assessment and Visualization of Neurological Status},
}

@article{JiaXiaowei2015,
author = {Jia, Xiaowei and Li, Kang and Li, Xiaoyi and Zhang, Aidong},
year = {2015},
month = {02},
pages = {30-37},
title = {A Novel Semi-Supervised Deep Learning Framework for Affective State Recognition on EEG Signals},
journal = {Proceedings - IEEE 14th International Conference on Bioinformatics and Bioengineering, BIBE 2014},
}